% Miller's syndrome 

@article{miller1979postaxial,
	title={Postaxial {A}crofacial {D}ysostosis {S}yndrome},
	author={Miller, Marvin and Fineman, Robert and Smith, David W},
	journal={The Journal of pediatrics},
	volume={95},
	number={6},
	pages={970--975},
	year={1979},
	publisher={Elsevier}
}

@article{ng2010exome,
	title={Exome sequencing identifies the cause of a {M}endelian disorder},
	author={Ng, Sarah B and Buckingham, Kati J and Lee, Choli and Bigham, Abigail W and others},
	journal={Nature {G}enetics},
	volume={42},
	number={1},
	pages={30--35},
	year={2010},
	publisher={Nature {R}esearch}
}

@article{doi:10.1093/hmg/dds218,
	author = {Rainger, Joe and Bengani, Hemant and Campbell, Leigh and others},
	title = {Miller ({G}enée–{W}iedemann) syndrome represents a {C}linically and {B}iochemically distinct subgroup of {P}ostaxial {A}crofacial {D}ysostosis associated with partial deficiency of {DHODH}},
	journal = {Human {M}olecular {G}enetics},
	volume = {21},
	number = {18},
	pages = {3969-3983},
	year = {2012},
	doi = {10.1093/hmg/dds218},
	URL = { + http://dx.doi.org/10.1093/hmg/dds218},
	eprint = {/oup/backfile/content_public/journal/hmg/21/18/10.1093_hmg_dds218/2/dds218.pdf}
}

@article{fang2013dihydro,
	title={Dihydro-orotate dehydrogenase is physically associated with the {R}espiratory {C}omplex and its loss leads to {M}itochondrial {D}ysfunction},
	author={Fang, JingXian and Uchiumi, Takeshi and Yagi, Mikako and others},
	journal={Bioscience reports},
	volume={33},
	number={2},
	pages={e00021},
	year={2013},
	publisher={Portland Press Limited}
}

@article{linke1996reversible,
	title={A reversible, p53-dependent {G}0/{G}1 cell cycle arrest induced by {R}ibonucleotide {D}epletion in the absence of {D}etectable {DNA} {D}amage.},
	author={Linke, Steven P and Clarkin, Kristie C and Di Leonardo, Aldo and Tsou, Amy and Wahl, Geoffrey M},
	journal={Genes \& development},
	volume={10},
	number={8},
	pages={934--947},
	year={1996},
	publisher={Cold {S}pring {H}arbor {L}ab}
}
@article{fairus2017dihydroorotate,
	title={Dihydroorotate dehydrogenase ({DHODH}) inhibitors affect {ATP} depletion, endogenous {ROS} and mediate {S}-phase arrest in breast cancer cells},
	author={Fairus, AK Mohamad and Choudhary, B and Hosahalli, S and Kavitha, N and Shatrah, O},
	journal={Biochimie},
	volume={135},
	pages={154--163},
	year={2017},
	publisher={Elsevier}
}

@article{khutornenko2010pyrimidine,
	title={Pyrimidine biosynthesis links {M}itochondrial {R}espiration to the p53 pathway},
	author={Khutornenko, Anastasia A and Roudko, Vladimir V and others},
	journal={Proceedings of the {N}ational {A}cademy of {S}ciences},
	volume={107},
	number={29},
	pages={12828--12833},
	year={2010},
	publisher={National Acad Sciences}
}

@article {Rinon1827,
	author = {Rinon, Ariel and Molchadsky, Alina and Nathan, Elisha and Yovel, Gili and Rotter, Varda and Sarig, Rachel and Tzahor, Eldad},
	title = {p53 coordinates {C}ranial {N}eural {C}rest {C}ell {G}rowth and {E}pithelial-{M}esenchymal transition/delamination processes},
	volume = {138},
	number = {9},
	pages = {1827--1838},
	year = {2011},
	doi = {10.1242/dev.053645},
	publisher = {The {C}ompany of {B}iologists {L}td},
	issn = {0950-1991},
	URL = {http://dev.biologists.org/content/138/9/1827},
	eprint = {http://dev.biologists.org/content/138/9/1827.full.pdf},
	journal = {Development}
}

@article{jones2008prevention,
	title={Prevention of the neurocristopathy {T}reacher {C}ollins syndrome through inhibition of p53 function},
	author={Jones, Natalie C and Lynn, Megan L and others},
	journal={Nature medicine},
	volume={14},
	number={2},
	pages={125--133},
	year={2008},
	publisher={Nature Publishing Group}
}


% Bone formation stuff 

@article{baek2013osterix,
	title={Osterix is required for cranial neural crest-derived craniofacial bone formation},
	author={Baek, Wook-Young and Kim, Young-Ji and de Crombrugghe, Benoit and Kim, Jung-Eun},
	journal={Biochemical and {B}iophysical {R}esearch {C}ommunications},
	volume={432},
	number={1},
	pages={188--192},
	year={2013},
	publisher={Elsevier}
}

@article{p53sp7,
	author = {Artigas, Natalia and Gámez, Beatriz and Cubillos-Rojas, Mónica and Sánchez de Diego, Cristina and Antonio Valer, José and Pons, Gabriel and Rosa, Jose Luis and Ventura, Francesc},
	year = {2017},
	month = {08},
	pages = {},
	title = {p53 inhibits {SP7}/{O}sterix activity in the transcriptional program of osteoblast differentiation},
	booktitle = {Cell Death & Differentiation}
}

@article{lapunzina2010identification,
	title={Identification of a frameshift mutation in {O}sterix in a patient with recessive {O}steogenesis imperfecta},
	author={Lapunzina, Pablo and Aglan, Mona and Temtamy, Samia and Caparr{\'o}s-Mart{\'\i}n, Jos{\'e} A and Valencia, Maria and Let{\'o}n, Roc{\'\i}o and Mart{\'\i}nez-Glez, Victor and Elhossini, Rasha and Amr, Khalda and Vilaboa, Nuria and others},
	journal={The {A}merican {J}ournal of {H}uman {G}enetics},
	volume={87},
	number={1},
	pages={110--114},
	year={2010},
	publisher={Elsevier}
}

@article{fang2016dihydroorotate,
	title={Dihydroorotate dehydrogenase depletion hampers mitochondrial function and osteogenic differentiation in osteoblasts},
	author={Fang, JingXian and Yamaza, Haruyoshi and Uchiumi, Takeshi and othersi},
	journal={European journal of oral sciences},
	volume={124},
	number={3},
	pages={241--245},
	year={2016},
	publisher={Wiley {O}nline {L}ibrary}
}

@article{kaback2008osterix,
	title={Osterix/{S}p7 regulates mesenchymal stem cell mediated endochondral ossification},
	author={Kaback, Lee A and Soung, Do Y and Naik, Amish and Smith, Nathan and others},
	journal={Journal of cellular physiology},
	volume={214},
	number={1},
	pages={173--182},
	year={2008},
	publisher={Wiley {O}nline {L}ibrary}
}

@article{gao2004molecular,
	title={Molecular cloning, structure, expression, and chromosomal localization of the human {O}sterix ({SP}7) gene},
	author={Gao, Yuguang and Jheon, Andrew and Nourkeyhani, Houman and Kobayashi, Hiroaki and Ganss, Bernhard},
	journal={Gene},
	volume={341},
	pages={101--110},
	year={2004},
	publisher={Elsevier}
}

@article{sakai2016prevention,
	title={Prevention of {T}reacher {C}ollins syndrome craniofacial anomalies in mouse models via maternal antioxidant supplementation},
	author={Sakai, Daisuke and Dixon, Jill and Achilleos, Annita and Dixon, Michael and Trainor, Paul A},
	journal={Nature communications},
	volume={7},
	pages={10328},
	year={2016},
	publisher={Nature {P}ublishing {G}roup}
}
@article{tian2012osterix,
	title={Osterix is required for {S}onic hedgehog-induced osteoblastic {MC3T3-E1} cell differentiation},
	author={Tian, Ye and Xu, Ying and Fu, Qin and Dong, Yufeng},
	journal={Cell biochemistry and biophysics},
	volume={64},
	number={3},
	pages={169--176},
	year={2012},
	publisher={Springer}
}

@article{ohyama1997p53,
	title={p53 influences mice skeletal development.},
	author={Ohyama, K and Chung, CH and Chen, E and Gibson, CW and Misof, K and Fratzl, P and Shapiro, IM},
	journal={Journal of {C}raniofacial {G}enetics and {D}evelopmental {B}iology},
	volume={17},
	number={4},
	pages={161--171},
	year={1997}
}

@article{barlow2010p53,
	title={A p53-dependent mechanism underlies {M}acrocytic {A}nemia in a mouse model of human 5q-syndrome},
	author={Barlow, Jillian L and Drynan, Lesley F and Hewett, Duncan R and Holmes, Luke R and Lorenzo-Abalde, Silvia and Lane, Alison L and Jolin, Helen E and Pannell, Richard and Middleton, Angela J and Wong, See Heng and others},
	journal={Nature medicine},
	volume={16},
	number={1},
	pages={59--66},
	year={2010},
	publisher={Nature Research}
}

@article{boultwood2012haploinsufficiency,
	title={Haploinsufficiency of ribosomal proteins and p53 activation in anemia: {D}iamond-{B}lackfan anemia and the 5q-syndrome},
	author={Boultwood, Jacqueline and Pellagatti, Andrea and Wainscoat, James S},
	journal={Advances in biological regulation},
	volume={52},
	number={1},
	pages={196--203},
	year={2012},
	publisher={Pergamon}
}

@article{fukushima2009inhibiting,
	title={Inhibiting the teratogenicity of the immunosuppressant leflunomide in mice by supplementation of exogenous uridine},
	author={Fukushima, Ryou and Kanamori, Susumu and Hirashiba, Masahiro and Hishikawa, Atsuko and Muranaka, Ri-ichi and Kaneto, Masako and Kitagawa, Hiroshi},
	journal={Toxicological sciences},
	volume={108},
	number={2},
	pages={419--426},
	year={2009},
	publisher={Oxford University Press}
}
@article{kato2013production,
	title={Production of {S}ry knockout mouse using {TALEN} via oocyte injection},
	author={Kato, Tomoko and Miyata, Kohei and Sonobe, Miku and Yamashita, Satoshi and Tamano, Moe and Miura, Kento and Kanai, Yoshiakira and Miyamoto, Shingo and Sakuma, Tetsushi and Yamamoto, Takashi and others},
	journal={Scientific reports},
	volume={3},
	pages={3136},
	year={2013},
	publisher={Nature Publishing Group}
}

@article{takada2013targeted,
	title={Targeted gene deletion of mi{RNA}s in mice by {TALEN} system},
	author={Takada, Shuji and Sato, Tempei and Ito, Yoshiaki and Yamashita, Satoshi and Kato, Tomoko and Kawasumi, Miyuri and Kanai-Azuma, Masami and Igarashi, Arisa and Kato, Tomomi and Tamano, Moe and others},
	journal={P{L}o{S} {O}ne},
	volume={8},
	number={10},
	pages={e76004},
	year={2013},
	publisher={Public Library of Science}
}

@article{inui2014rapid,
	title={Rapid generation of mouse models with defined point mutations by the {CRISPR}/{C}as9 system},
	author={Inui, Masafumi and Miyado, Mami and Igarashi, Maki and Tamano, Moe and Kubo, Atsushi and Yamashita, Satoshi and Asahara, Hiroshi and Fukami, Maki and Takada, Shuji},
	journal={Scientific reports},
	volume={4},
	year={2014},
	publisher={Nature Publishing Group}
}

@article{white2011dhodh,
	title={{DHODH} modulates transcriptional elongation in the neural crest and melanoma},
	author={White, Richard Mark and Cech, Jennifer and Ratanasirintrawoot, Sutheera and Lin, Charles Y and Rahl, Peter B and Burke, Christopher J and Langdon, Erin and Tomlinson, Matthew L and Mosher, Jack and Kaufman, Charles and others},
	journal={Nature},
	volume={471},
	number={7339},
	pages={518--522},
	year={2011},
	publisher={Nature Research}
}


@article{berman2008metastatic,
	title={Metastatic osteosarcoma induced by inactivation of {R}b and p53 in the osteoblast lineage},
	author={Berman, Seth D and Calo, Eliezer and Landman, Allison S and Danielian, Paul S and Miller, Emily S and West, Julie C and Fonhoue, Borel Djouedjong and Caron, Alicia and Bronson, Roderick and Bouxsein, Mary L and others},
	journal={Proceedings of the {N}ational {A}cademy of {S}ciences},
	volume={105},
	number={33},
	pages={11851--11856},
	year={2008},
	publisher={National Acad Sciences}
}

@article{baek2014skeletal,
	title={Skeletal analysis and differential gene expression in {R}unx2/{O}sterix double heterozygous embryos},
	author={Baek, Ji-Eun and Choi, Je-Yong and Kim, Jung-Eun},
	journal={Biochemical and biophysical research communications},
	volume={451},
	number={3},
	pages={442--448},
	year={2014},
	publisher={Elsevier}
}

@article{ueda2006roles,
	title={Roles for {D}nmt3b in mammalian development: a mouse model for the {ICF} syndrome},
	author={Ueda, Yoshihide and Okano, Masaki and Williams, Christine and Chen, Taiping and Georgopoulos, Katia and Li, En},
	journal={Development},
	volume={133},
	number={6},
	pages={1183--1192},
	year={2006},
	publisher={The Company of Biologists Ltd}
}

@article{de2009global,
	title={Global signatures of protein and mRNA expression levels},
	author={de Sousa Abreu, Raquel and Penalva, Luiz O and Marcotte, Edward M and Vogel, Christine},
	journal={Molecular BioSystems},
	volume={5},
	number={12},
	pages={1512--1526},
	year={2009},
	publisher={Royal Society of Chemistry}
}

@article{stoll1989birth,
	title={Birth prevalence rates of skeletal dysplasias},
	author={Stoll, Claude and Dott, Beatrice and Roth, Marie-Paule and Alembik, Yves},
	journal={Clinical genetics},
	volume={35},
	number={2},
	pages={88--92},
	year={1989},
	publisher={Wiley Online Library}
}

@article{piliszek2011ex,
	title={Ex utero culture and live imaging of mouse embryos},
	author={Piliszek, Anna and Kwon, Gloria S and Hadjantonakis, Anna-Katerina},
	journal={Vertebrate Embryogenesis: Embryological, Cellular, and Genetic Methods},
	pages={243--257},
	year={2011},
	publisher={Springer}
}

@article{berman2008metastatic,
	title={Metastatic osteosarcoma induced by inactivation of {R}b and p53 in the osteoblast lineage},
	author={Berman, Seth D and Calo, Eliezer and Landman, Allison S and Danielian, Paul S and Miller, Emily S and West, Julie C and Fonhoue, Borel Djouedjong and Caron, Alicia and Bronson, Roderick and Bouxsein, Mary L and others},
	journal={Proceedings of the {N}ational {A}cademy of {S}ciences},
	volume={105},
	number={33},
	pages={11851--11856},
	year={2008},
	publisher={National Acad Sciences}
}


@article{fang2012protein,
	title={Protein instability and functional defects caused by mutations of dihydro-orotate dehydrogenase in {M}iller syndrome patients},
	author={Fang, JingXian and Uchiumi, Takeshi and Yagi, Mikako and Matsumoto, Shinya and Amamoto, Rie and Saito, Toshiro and Takazaki, Shinya and Kanki, Tomotake and Yamaza, Haruyoshi and Nonaka, Kazuaki and others},
	journal={Bioscience reports},
	volume={32},
	number={6},
	pages={631--639},
	year={2012},
	publisher={Portland Press Limited}
}

@article{ren2017leflunomide,
	title={Leflunomide inhibits proliferation and tumorigenesis of oral squamous cell carcinoma},
	author={Ren, Aishu and Fu, Gang and Qiu, Yu and Cui, Hongjuan},
	journal={Molecular medicine reports},
	volume={16},
	number={6},
	pages={9125--9130},
	year={2017},
	publisher={Spandidos Publications}
}

@article{liu2017inactivation,
	title={Inactivation/deficiency of {DHODH} induces cell cycle arrest and programed cell death in melanoma},
	author={Liu, Lichao and Dong, Zhen and Lei, Qian and Yang, Jie and Hu, Huanrong and Li, Qian and Ji, Yacong and Guo, Leiyang and Zhang, Yanli and Liu, Yaling and others},
	journal={Oncotarget},
	volume={5},
	year={2017},
	publisher={Impact Journals}
}

@article{leban2011human,
	title={Human dihydroorotate dehydrogenase inhibitors, a novel approach for the treatment of autoimmune and inflammatory diseases},
	author={Leban, Johann and Vitt, Daniel},
	journal={Arzneimittelforschung},
	volume={61},
	number={01},
	pages={66--72},
	year={2011},
	publisher={Editio {C}antor {V}erlag}
}

@article{levine1997p53,
	title={p53, the cellular gatekeeper for growth and division},
	author={Levine, Arnold J},
	journal={cell},
	volume={88},
	number={3},
	pages={323--331},
	year={1997},
	publisher={Elsevier}
}
@article{allalou2009blobfinder,
	title={Blob{F}inder, a tool for fluorescence microscopy image cytometry},
	author={Allalou, Amin and W{\"a}hlby, Carolina},
	journal={Computer methods and programs in biomedicine},
	volume={94},
	number={1},
	pages={58--65},
	year={2009},
	publisher={Elsevier}
}

@article{rueden2017imagej2,
	title={Image{J}2: {I}mage{J} for the next generation of scientific image data},
	author={Rueden, Curtis T and Schindelin, Johannes and Hiner, Mark C and DeZonia, Barry E and Walter, Alison E and Arena, Ellen T and Eliceiri, Kevin W},
	journal={BMC bioinformatics},
	volume={18},
	number={1},
	pages={529},
	year={2017},
	publisher={BioMed Central}
}

@article{thymiakou2011detection,
	title={Detection of signaling effector-complexes downstream of {BMP}4 using in situ {PLA}, a proximity ligation assay},
	author={Thymiakou, Efstathia and Episkopou, Vasso},
	journal={Journal of visualized experiments: {J}o{VE}},
	number={49},
	year={2011},
	publisher={MyJoVE Corporation}
}

@article{wang2006p53,
	title={p53 functions as a negative regulator of osteoblastogenesis, osteoblast-dependent osteoclastogenesis, and bone remodeling},
	author={Wang, Xueying and Kua, Hui-Yi and Hu, Yuanyu and Guo, Ke and Zeng, Qi and Wu, Qiang and Ng, Huck-Hui and Karsenty, Gerard and de Crombrugghe, Benoit and Yeh, James and others},
	journal={J Cell Biol},
	volume={172},
	number={1},
	pages={115--125},
	year={2006},
	publisher={Rockefeller {U}niversity {P}ress}
}

@article{velez2013mitochondrial,
	title={Mitochondrial uncoupling and the reprograming of intermediary metabolism in leukemia cells},
	author={V{\'e}lez, Juliana and Hail Jr, Numsen and Konopleva, Marina and Zeng, Zhihong and Kojima, Kensuke and Samudio, Ismael and Andreeff, Michael},
	journal={Frontiers in oncology},
	volume={3},
	year={2013},
	publisher={Frontiers Media SA}
}

@misc{Zheng,
	Author = "{Zhang-Laboratories}",
	Title  = "\emph{CRISPR Design}",
	Note = "{http://crispr.mit.edu/},
	[Accessed: 15 January 2018]"
	year = "2018"
}

@misc{mouse,
	Author = "{Mouse-Phenotype}"
	Title = "\emph{Phenotype Associations for Dhodh}"
	Note = "\url{http://www.mousephenotype.org/data/genes/MGI:1928378}
	[Accessed 13 January 2018]"
	year = "2018"
}


@article{hail2012evidence,
	title={Evidence supporting a role for dihydroorotate dehydrogenase, bioenergetics, and p53 in selective teriflunomide-induced apoptosis in transformed versus normal human keratinocytes},
	author={Hail, Numsen and Chen, Ping and Kepa, Jadwiga J and Bushman, Lane R},
	journal={Apoptosis},
	volume={17},
	number={3},
	pages={258--268},
	year={2012},
	publisher={Springer}
}

@article{karsenty2009genetic,
	title={Genetic control of bone formation},
	author={Karsenty, Gerard and Kronenberg, Henry M and Settembre, Carmine},
	journal={Annual Review of Cell and Developmental},
	volume={25},
	pages={629--648},
	year={2009},
	publisher={Annual Reviews}
}
@article{ozaki2013runt,
	title={Runt-related transcription factor 2 (RUNX2) inhibits p53-dependent apoptosis through the collaboration with HDAC6 in response to DNA damage},
	author={Ozaki, T and Wu, D and Sugimoto, H and Nagase, H and Nakagawara, A},
	journal={Cell death \& disease},
	volume={4},
	number={4},
	pages={e610},
	year={2013},
	publisher={Nature Publishing Group}
}

@article{tang2011osteoblast,
	title={Osteoblast-specific transcription factor Osterix (Osx) is an upstream regulator of Satb2 during bone formation},
	author={Tang, Wanjin and Li, Yang and Osimiri, Lindsey and Zhang, Chi},
	journal={Journal of Biological Chemistry},
	volume={286},
	number={38},
	pages={32995--33002},
	year={2011},
	publisher={ASBMB}
}

@article{kuhn2012ucsc,
	title={The UCSC genome browser and associated tools},
	author={Kuhn, Robert M and Haussler, David and Kent, W James},
	journal={Briefings in bioinformatics},
	volume={14},
	number={2},
	pages={144--161},
	year={2012},
	publisher={Oxford University Press}
}